@article{patton2019dynamic,
  title = {Dynamic semiparametric models for expected shortfall (and
           Value-at-risk)},
  author = {Patton, Andrew J and Ziegel, Johanna F and Chen, Rui},
  journal = {Journal of Econometrics},
  volume = {211},
  number = {2},
  pages = {388--413},
  year = {2019},
  publisher = {Elsevier},
}

@article{chen2016semiparametric,
  title={Semiparametric dynamic portfolio choice with multiple conditioning variables},
  author={Chen, Jia and Li, Degui and Linton, Oliver and Lu, Zudi},
  journal={Journal of Econometrics},
  volume={194},
  number={2},
  pages={309--318},
  year={2016},
  publisher={Elsevier}
}

@article{creal2013generalized,
  title={Generalized autoregressive score models with applications},
  author={Creal, Drew and Koopman, Siem Jan and Lucas, Andr{\'e}},
  journal={Journal of Applied Econometrics},
  volume={28},
  number={5},
  pages={777--795},
  year={2013},
  publisher={Wiley Online Library}
}

@incollection{artemova2022scoretheory,
  title={Score-Driven Models: Methodology and Theory},
  author={Artemova, Mariia and Blasques, Francisco and van Brummelen, Janneke and Koopman, Siem Jan},
  booktitle={Oxford Research Encyclopedia of Economics and Finance},
  year={2022}
}

@incollection{artemova2022scoreapplications,
  title={Score-Driven Models: Methods and Applications},
  author={Artemova, Mariia and Blasques, Francisco and van Brummelen, Janneke and Koopman, Siem Jan},
  booktitle={Oxford Research Encyclopedia of Economics and Finance},
  year={2022}
}


@article{fissler2016higher,
  title={Higher Order Elicitability and {O}sband's Principle},
  author={Fissler, Tobias and Ziegel, Johanna F},
  journal={The Annals of Statistics},
  volume={44},
  number={4},
  pages={1680--1707},
  year={2016}
}

@article{he2022risk,
  title={Risk Measures: Robustness, Elicitability, and Backtesting},
  author={He, Xue Dong and Kou, Steven and Peng, Xianhua},
  journal={Annual Review of Statistics and Its Application},
  volume={9},
  pages={141--166},
  year={2022},
  publisher={Annual Reviews}
}

@article{gneiting2011making,
  title={Making and Evaluating Point Forecasts},
  author={Gneiting, Tilmann},
  journal={Journal of the American Statistical Association},
  pages={746--762},
  year={2011},
  publisher={JSTOR}
}

@inproceedings{huber1967behavior,
  title={The Behavior of Maximum Likelihood Estimates under Nonstandard Conditions},
  author={Huber, Peter},
  booktitle={Proceedings of the Fifth Berkeley Symposium on Mathematical Statistics and Probability},
  volume={1},
  number={1},
  pages={221--233},
  year={1967},
  organization={Berkeley, CA: University of California Press}
}

@article{white1984nonlinear,
  title={Nonlinear Regression with Dependent Observations},
  author={White, Halbert and Domowitz, Ian},
  journal={Econometrica},
  pages={143--161},
  year={1984},
  publisher={JSTOR}
}

@article{oberhofer1982consistency,
  title={The Consistency of Nonlinear Regression Minimizing the {$L_1$}-norm},
  author={Oberhofer, Walter},
  journal={The Annals of Statistics},
  pages={316--319},
  year={1982},
  publisher={JSTOR}
}

@article{powell1984least,
  title={Least Absolute Deviations Estimation for the Censored Regression Model},
  author={Powell, James L},
  journal={Journal of Econometrics},
  volume={25},
  number={3},
  pages={303--325},
  year={1984},
  publisher={Elsevier}
}

@article{brandt1999estimating,
  title={Estimating Cortfolio and Consumption Choice: A Conditional {E}uler Equations Approach},
  author={Brandt, Michael W},
  journal={The Journal of Finance},
  volume={54},
  number={5},
  pages={1609--1645},
  year={1999},
  publisher={Wiley Online Library}
}

@article{rogerson1985first,
  title={The First-Order Approach to Principal-Agent Problems},
  author={Rogerson, William P},
  journal={Econometrica},
  pages={1357--1367},
  year={1985},
  publisher={JSTOR}
}

@article{jewitt1988justifying,
  title={Justifying the First-Order Approach to Principal-Agent Problems},
  author={Jewitt, Ian},
  journal={Econometrica},
  pages={1177--1190},
  year={1988},
  publisher={JSTOR}
}

@article{mirrlees1999theory,
  title={The theory of moral hazard and unobservable behaviour: Part I},
  author={Mirrlees, James A},
  journal={The Review of Economic Studies},
  volume={66},
  number={1},
  pages={3--21},
  year={1999},
  publisher={Wiley-Blackwell}
}

@article{weiss1991estimating,
  title={Estimating Nonlinear Dynamic Models Using Least Absolute Error Estimation},
  author={Weiss, Andrew A},
  journal={Econometric Theory},
  volume={7},
  number={1},
  pages={46--68},
  year={1991},
  publisher={Cambridge University Press}
}

@article{engle2004caviar,
  title={{CAViaR}: Conditional Autoregressive Value at Risk by Regression Quantiles},
  author={Engle, Robert F and Manganelli, Simone},
  journal={Journal of Business \& Economic Statistics},
  pages={367--381},
  year={2004},
  publisher={JSTOR}
}

@article{dimitriadis2019joint,
  author = {Timo Dimitriadis and Sebastian Bayer},
  title = {{A Joint Quantile and Expected Shortfall Regression Framework}},
  volume = {13},
  journal = {Electronic Journal of Statistics},
  number = {1},
  publisher = {Institute of Mathematical Statistics and Bernoulli Society},
  pages = {1823--1871},
  keywords = {expected shortfall, joint elicitability, joint regression, M-estimation, Quantile regression},
  year = {2019},
  doi = {10.1214/19-EJS1560},
  URL = {https://doi.org/10.1214/19-EJS1560}
}

@book{koenker2005quantile,
  title={Quantile Regression},
  author={Koenker, Roger},
  volume={38},
  year={2005},
  publisher={Cambridge university press}
}

@article{koenker2017quantile,
  title={Quantile Regression: 40 Years On},
  author={Koenker, Roger},
  journal={Annual Review of Economics},
  volume={9},
  pages={155--176},
  year={2017},
  publisher={Annual Reviews}
}
